%% This BibTeX bibliography file was created using BibDesk.
%% http://bibdesk.sourceforge.net/


%% Created for Spencer Smith at 2017-09-07 14:15:00 -0400 


%% Saved with string encoding Unicode (UTF-8) 



@article{TaschukAndWilson2017,
	Abstract = {{[Abstract]

Software produced for research, published and otherwise, suffers from a number of common problems that make it difficult or impossible to run outside the original institution or even off the primary developer's computer. We present ten simple rules to make such software robust enough to be run by anyone, anywhere, and thereby delight your users and collaborators.

[Author summary]

Many researchers have found out the hard way that there's a world of difference between  '' works for me on my machine'' and  '' works for other people on theirs.'' Many common challenges can be avoided by following a few simple rules; doing so not only improves reproducibility but can accelerate research.

[Excerpt]
[\n] [...]
Best practices in software engineering specifically aim to increase software robustness. However, most bioinformaticians learn what they know about software development on the job or otherwise informally [...]. Existing training programs and initiatives rarely have the time to cover software engineering in depth, especially since the field is so broad and developing so rapidly [...]. In addition, making software robust is not directly rewarded in science, and funding is difficult to come by [...]. Some proposed solutions to this problem include restructuring educational programs, hiring dedicated software engineers [...], partnering with private sector or grassroots organizations [...], or using specific technical tools like containerization or cloud computing [...]. Each of these requires time and, in some cases, institutional change.

[\n] The good news is you don't need to be a professionally trained programmer to write robust software. In fact, some of the best, most reliable pieces of software in many scientific communities are written by researchers [...] who have adopted strong software engineering approaches, have high standards of reproducibility, use good testing practices, and foster strong user bases through constantly evolving, clearly documented, useful, and useable software.
[...]

[\n] So what is  '' robust'' software? We implied above that it is software that works for people other than the original author and on machines other than its creator's. More specifically, we mean that:

[::] it can be installed on more than one computer with relative ease,
[::] it works consistently as advertised, and
[::] it can be integrated with other tools.

[\n] Our rules are generic and can be applied to all languages, libraries, packages, documentation styles, and operating systems for both closed-source and open-source software. They are also necessary steps toward making computational research replicable and reproducible: after all, if your tools and libraries cannot be run by others, they cannot be used to verify your results or as a stepping stone for future work [...]

[::] Rule 1: Use version control [...]
[::] Rule 2: Document your code and usage [...]
[::] Rule 3: Make common operations easy to control [...]
[::] Rule 4: Version your releases [...]
[::] Rule 5: Reuse software (within reason) [...]
[::] Rule 6: Rely on build tools and package managers for installation [...]
[::] Rule 7: Do not require root or other special privileges to install or run [...]
[::] Rule 8: Eliminate hard-coded paths [...]
[::] Rule 9: Include a small test set that can be run to ensure the software is actually working [...]
[::] Rule 10: Produce identical results when given identical inputs [...]
[\n] [...]}},
	Author = {Taschuk, Morgan and Wilson, Greg},
	Citeulike-Article-Id = {14337051},
	Citeulike-Linkout-0 = {http://mfkp.org/INRMM/article/14337051},
	Citeulike-Linkout-1 = {https://scholar.google.com/scholar?cluster=6425036906123073798},
	Citeulike-Linkout-2 = {http://dx.doi.org/10.1371/journal.pcbi.1005412},
	Date-Added = {2017-09-07 18:14:58 +0000},
	Date-Modified = {2017-09-07 18:14:58 +0000},
	Day = {13},
	Doi = {10.1371/journal.pcbi.1005412},
	Issn = {1553-7358},
	Journal = {PLOS Computational Biology},
	Keywords = {bias-disembodied-science-vs-computational-scholarship, check-list, computational-science, free-scientific-knowledge, reproducible-research, software-engineering, software-uncertainty},
	Month = apr,
	Number = {4},
	Pages = {e1005412+},
	Posted-At = {2017-04-19 10:44:23},
	Priority = {2},
	Publisher = {Public Library of Science},
	Title = {{Ten simple rules for making research software more robust}},
	Url = {http://mfkp.org/INRMM/article/14337051},
	Volume = {13},
	Year = {2017},
	Bdsk-File-1 = {YnBsaXN0MDDUAQIDBAUGJCVYJHZlcnNpb25YJG9iamVjdHNZJGFyY2hpdmVyVCR0b3ASAAGGoKgHCBMUFRYaIVUkbnVsbNMJCgsMDxJXTlMua2V5c1pOUy5vYmplY3RzViRjbGFzc6INDoACgAOiEBGABIAFgAdccmVsYXRpdmVQYXRoWWFsaWFzRGF0YV8QPC4uLy4uL3NlNHNjL1NjaUNvbXBBbmRTb2Z0RW5nUGFwZXJzL1Rhc2NodWtBbmRXaWxzb24yMDE3LnBkZtIXCxgZV05TLmRhdGFPEQH0AAAAAAH0AAIAAAxNYWNpbnRvc2ggSEQAAAAAAAAAAAAAAAAAAADOl3ODSCsAAAkx/Q0YVGFzY2h1a0FuZFdpbHNvbjIwMTcucGRmAAAAAAAAAAAAAAAAAAAAAAAAAAAAAAAAAAAAAAAAAAAAAAAAAAAADh9bJNQvCsgAAAAAAAAAAAACAAMAAAkgAAAAAAAAAAAAAAAAAAAAF1NjaUNvbXBBbmRTb2Z0RW5nUGFwZXJzAAAQAAgAAM6Xq8MAAAARAAgAANQvQwgAAAABABQJMf0NCTHuxwASFacACPdmAAJkjgACAFtNYWNpbnRvc2ggSEQ6VXNlcnM6AHNtaXRoczoAUmVwb3M6AHNlNHNjOgBTY2lDb21wQW5kU29mdEVuZ1BhcGVyczoAVGFzY2h1a0FuZFdpbHNvbjIwMTcucGRmAAAOADIAGABUAGEAcwBjAGgAdQBrAEEAbgBkAFcAaQBsAHMAbwBuADIAMAAxADcALgBwAGQAZgAPABoADABNAGEAYwBpAG4AdABvAHMAaAAgAEgARAASAElVc2Vycy9zbWl0aHMvUmVwb3Mvc2U0c2MvU2NpQ29tcEFuZFNvZnRFbmdQYXBlcnMvVGFzY2h1a0FuZFdpbHNvbjIwMTcucGRmAAATAAEvAAAVAAIADf//AACABtIbHB0eWiRjbGFzc25hbWVYJGNsYXNzZXNdTlNNdXRhYmxlRGF0YaMdHyBWTlNEYXRhWE5TT2JqZWN00hscIiNcTlNEaWN0aW9uYXJ5oiIgXxAPTlNLZXllZEFyY2hpdmVy0SYnVHJvb3SAAQAIABEAGgAjAC0AMgA3AEAARgBNAFUAYABnAGoAbABuAHEAcwB1AHcAhACOAM0A0gDaAtIC1ALZAuQC7QL7Av8DBgMPAxQDIQMkAzYDOQM+AAAAAAAAAgEAAAAAAAAAKAAAAAAAAAAAAAAAAAAAA0A=},
	Bdsk-Url-1 = {http://mfkp.org/INRMM/article/14337051},
	Bdsk-Url-2 = {http://dx.doi.org/10.1371/journal.pcbi.1005412}}

@article{WilsonEtAl2016,
	Author = {Greg Wilson and Jennifer Bryan and Karen Cranston and Justin Kitzes and Lex Nederbragt and Tracy K. Teal},
	Bibsource = {dblp computer science bibliography, http://dblp.org},
	Biburl = {http://dblp.uni-trier.de/rec/bib/journals/corr/WilsonBCKNT16},
	Date-Added = {2017-09-07 18:14:51 +0000},
	Date-Modified = {2017-09-07 18:14:51 +0000},
	Journal = {CoRR},
	Timestamp = {Wed, 07 Jun 2017 14:42:20 +0200},
	Title = {Good Enough Practices in Scientific Computing},
	Url = {http://arxiv.org/abs/1609.00037},
	Volume = {abs/1609.00037},
	Year = {2016},
	Bdsk-File-1 = {YnBsaXN0MDDUAQIDBAUGJCVYJHZlcnNpb25YJG9iamVjdHNZJGFyY2hpdmVyVCR0b3ASAAGGoKgHCBMUFRYaIVUkbnVsbNMJCgsMDxJXTlMua2V5c1pOUy5vYmplY3RzViRjbGFzc6INDoACgAOiEBGABIAFgAdccmVsYXRpdmVQYXRoWWFsaWFzRGF0YV8QNi4uLy4uL3NlNHNjL1NjaUNvbXBBbmRTb2Z0RW5nUGFwZXJzL1dpbHNvbkV0QWwyMDE2LnBkZtIXCxgZV05TLmRhdGFPEQHcAAAAAAHcAAIAAAxNYWNpbnRvc2ggSEQAAAAAAAAAAAAAAAAAAADOl3ODSCsAAAkx/Q0SV2lsc29uRXRBbDIwMTYucGRmAAAAAAAAAAAAAAAAAAAAAAAAAAAAAAAAAAAAAAAAAAAAAAAAAAAAAAAAAAAADh9bJdQvCpQAAAAAAAAAAAACAAMAAAkgAAAAAAAAAAAAAAAAAAAAF1NjaUNvbXBBbmRTb2Z0RW5nUGFwZXJzAAAQAAgAAM6Xq8MAAAARAAgAANQvQtQAAAABABQJMf0NCTHuxwASFacACPdmAAJkjgACAFVNYWNpbnRvc2ggSEQ6VXNlcnM6AHNtaXRoczoAUmVwb3M6AHNlNHNjOgBTY2lDb21wQW5kU29mdEVuZ1BhcGVyczoAV2lsc29uRXRBbDIwMTYucGRmAAAOACYAEgBXAGkAbABzAG8AbgBFAHQAQQBsADIAMAAxADYALgBwAGQAZgAPABoADABNAGEAYwBpAG4AdABvAHMAaAAgAEgARAASAENVc2Vycy9zbWl0aHMvUmVwb3Mvc2U0c2MvU2NpQ29tcEFuZFNvZnRFbmdQYXBlcnMvV2lsc29uRXRBbDIwMTYucGRmAAATAAEvAAAVAAIADf//AACABtIbHB0eWiRjbGFzc25hbWVYJGNsYXNzZXNdTlNNdXRhYmxlRGF0YaMdHyBWTlNEYXRhWE5TT2JqZWN00hscIiNcTlNEaWN0aW9uYXJ5oiIgXxAPTlNLZXllZEFyY2hpdmVy0SYnVHJvb3SAAQAIABEAGgAjAC0AMgA3AEAARgBNAFUAYABnAGoAbABuAHEAcwB1AHcAhACOAMcAzADUArQCtgK7AsYCzwLdAuEC6ALxAvYDAwMGAxgDGwMgAAAAAAAAAgEAAAAAAAAAKAAAAAAAAAAAAAAAAAAAAyI=},
	Bdsk-Url-1 = {http://arxiv.org/abs/1609.00037}}

@inbook{RobertsonAndRobertson2012,
	Author = {James Robertson and Suzanne Robertson},
	Date-Added = {2017-09-07 18:01:08 +0000},
	Date-Modified = {2017-09-07 18:01:08 +0000},
	Editor = {16},
	Publisher = {Atlantic Systems Guild Limited},
	Title = {Volere Requirements Specification Template},
	Year = {2012},
	Bdsk-File-1 = {YnBsaXN0MDDUAQIDBAUGJCVYJHZlcnNpb25YJG9iamVjdHNZJGFyY2hpdmVyVCR0b3ASAAGGoKgHCBMUFRYaIVUkbnVsbNMJCgsMDxJXTlMua2V5c1pOUy5vYmplY3RzViRjbGFzc6INDoACgAOiEBGABIAFgAdccmVsYXRpdmVQYXRoWWFsaWFzRGF0YV8QNC4uLy4uL3NlM3hhMy9SZWZlcmVuY2VNYXRlcmlhbC9Wb2xlcmUgdGVtcGxhdGUxNi5kb2PSFwsYGVdOUy5kYXRhTxEB2AAAAAAB2AACAAAMTWFjaW50b3NoIEhEAAAAAAAAAAAAAAAAAAAAzpdzg0grAAAJx7rFFVZvbGVyZSB0ZW1wbGF0ZTE2LmRvYwAAAAAAAAAAAAAAAAAAAAAAAAAAAAAAAAAAAAAAAAAAAAAAAAAAAAAAAAnXaxbUCZVyAAAAAAAAAAAAAgADAAAJIAAAAAAAAAAAAAAAAAAAABFSZWZlcmVuY2VNYXRlcmlhbAAAEAAIAADOl6vDAAAAEQAIAADUCc2yAAAAAQAUCce6xQnGBjMAEhWnAAj3ZgACZI4AAgBTTWFjaW50b3NoIEhEOlVzZXJzOgBzbWl0aHM6AFJlcG9zOgBzZTN4YTM6AFJlZmVyZW5jZU1hdGVyaWFsOgBWb2xlcmUgdGVtcGxhdGUxNi5kb2MAAA4ALAAVAFYAbwBsAGUAcgBlACAAdABlAG0AcABsAGEAdABlADEANgAuAGQAbwBjAA8AGgAMAE0AYQBjAGkAbgB0AG8AcwBoACAASABEABIAQVVzZXJzL3NtaXRocy9SZXBvcy9zZTN4YTMvUmVmZXJlbmNlTWF0ZXJpYWwvVm9sZXJlIHRlbXBsYXRlMTYuZG9jAAATAAEvAAAVAAIADf//AACABtIbHB0eWiRjbGFzc25hbWVYJGNsYXNzZXNdTlNNdXRhYmxlRGF0YaMdHyBWTlNEYXRhWE5TT2JqZWN00hscIiNcTlNEaWN0aW9uYXJ5oiIgXxAPTlNLZXllZEFyY2hpdmVy0SYnVHJvb3SAAQAIABEAGgAjAC0AMgA3AEAARgBNAFUAYABnAGoAbABuAHEAcwB1AHcAhACOAMUAygDSAq4CsAK1AsACyQLXAtsC4gLrAvAC/QMAAxIDFQMaAAAAAAAAAgEAAAAAAAAAKAAAAAAAAAAAAAAAAAAAAxw=}}

@book{HoffmanAndStrooper1995,
	Address = {New York, NY, USA},
	Author = {Daniel M. Hoffman and Paul A. Strooper},
	Date-Added = {2017-09-07 18:01:05 +0000},
	Date-Modified = {2017-09-07 18:01:05 +0000},
	Local-Url = {file://localhost/Users/smiths/LongTermArchives/Work/Research/References/SoftwareEngineering/software-design-automated-testing.pdf},
	Publisher = {International Thomson Computer Press},
	Title = {Software Design, Automated Testing, and Maintenance: A Practical Approach},
	Url = {http:// citeseer.ist.psu.edu/428727.html},
	Year = {1995},
	Bdsk-File-1 = {YnBsaXN0MDDUAQIDBAUGJCVYJHZlcnNpb25YJG9iamVjdHNZJGFyY2hpdmVyVCR0b3ASAAGGoKgHCBMUFRYaIVUkbnVsbNMJCgsMDxJXTlMua2V5c1pOUy5vYmplY3RzViRjbGFzc6INDoACgAOiEBGABIAFgAdccmVsYXRpdmVQYXRoWWFsaWFzRGF0YV8QOS4uLy4uL3NlM3hhMy9SZWZlcmVuY2VNYXRlcmlhbC9Ib2ZmbWFuQW5kU3Ryb29wZXIxOTk1LnBkZtIXCxgZV05TLmRhdGFPEQHqAAAAAAHqAAIAAAxNYWNpbnRvc2ggSEQAAAAAAAAAAAAAAAAAAADOl3ODSCsAAAnHusUaSG9mZm1hbkFuZFN0cm9vcGVyMTk5NS5wZGYAAAAAAAAAAAAAAAAAAAAAAAAAAAAAAAAAAAAAAAAAAAAAAAAACgYWv9Q41tAAAAAAAAAAAAACAAMAAAkgAAAAAAAAAAAAAAAAAAAAEVJlZmVyZW5jZU1hdGVyaWFsAAAQAAgAAM6Xq8MAAAARAAgAANQ5DxAAAAABABQJx7rFCcYGMwASFacACPdmAAJkjgACAFhNYWNpbnRvc2ggSEQ6VXNlcnM6AHNtaXRoczoAUmVwb3M6AHNlM3hhMzoAUmVmZXJlbmNlTWF0ZXJpYWw6AEhvZmZtYW5BbmRTdHJvb3BlcjE5OTUucGRmAA4ANgAaAEgAbwBmAGYAbQBhAG4AQQBuAGQAUwB0AHIAbwBvAHAAZQByADEAOQA5ADUALgBwAGQAZgAPABoADABNAGEAYwBpAG4AdABvAHMAaAAgAEgARAASAEZVc2Vycy9zbWl0aHMvUmVwb3Mvc2UzeGEzL1JlZmVyZW5jZU1hdGVyaWFsL0hvZmZtYW5BbmRTdHJvb3BlcjE5OTUucGRmABMAAS8AABUAAgAN//8AAIAG0hscHR5aJGNsYXNzbmFtZVgkY2xhc3Nlc11OU011dGFibGVEYXRhox0fIFZOU0RhdGFYTlNPYmplY3TSGxwiI1xOU0RpY3Rpb25hcnmiIiBfEA9OU0tleWVkQXJjaGl2ZXLRJidUcm9vdIABAAgAEQAaACMALQAyADcAQABGAE0AVQBgAGcAagBsAG4AcQBzAHUAdwCEAI4AygDPANcCxQLHAswC1wLgAu4C8gL5AwIDBwMUAxcDKQMsAzEAAAAAAAACAQAAAAAAAAAoAAAAAAAAAAAAAAAAAAADMw==},
	Bdsk-Url-1 = {http://%20citeseer.ist.psu.edu/428727.html}}

@article{Parnas1972a,
	Author = {David L. Parnas},
	Date-Added = {2017-09-07 18:01:00 +0000},
	Date-Modified = {2017-09-07 18:01:00 +0000},
	Journal = {Comm. ACM},
	Month = {December},
	Number = {2},
	Pages = {1053--1058},
	Title = {On the Criteria To Be Used in Decomposing Systems into Modules},
	Volume = {15},
	Year = {1972},
	Bdsk-File-1 = {YnBsaXN0MDDUAQIDBAUGJCVYJHZlcnNpb25YJG9iamVjdHNZJGFyY2hpdmVyVCR0b3ASAAGGoKgHCBMUFRYaIVUkbnVsbNMJCgsMDxJXTlMua2V5c1pOUy5vYmplY3RzViRjbGFzc6INDoACgAOiEBGABIAFgAdccmVsYXRpdmVQYXRoWWFsaWFzRGF0YV8QMC4uLy4uLy4uL1dvcmsvUmVzZWFyY2gvUmVmZXJlbmNlcy9QYXJuYXMxOTcyLnBkZtIXCxgZV05TLmRhdGFPEQGmAAAAAAGmAAIAAAxNYWNpbnRvc2ggSEQAAAAAAAAAAAAAAAAAAADOl3ODSCsAAAAXAgwOUGFybmFzMTk3Mi5wZGYAAAAAAAAAAAAAAAAAAAAAAAAAAAAAAAAAAAAAAAAAAAAAAAAAAAAAAAAAAAAAAAAAA3+xs9CaVP4AAAAAAAAAAAADAAQAAAkgAAAAAAAAAAAAAAAAAAAAClJlZmVyZW5jZXMAEAAIAADOl6vDAAAAEQAIAADQmptOAAAAAQAUABcCDAAXAE0AFv3tAAj3ZgACZI4AAgBGTWFjaW50b3NoIEhEOlVzZXJzOgBzbWl0aHM6AFdvcms6AFJlc2VhcmNoOgBSZWZlcmVuY2VzOgBQYXJuYXMxOTcyLnBkZgAOAB4ADgBQAGEAcgBuAGEAcwAxADkANwAyAC4AcABkAGYADwAaAAwATQBhAGMAaQBuAHQAbwBzAGgAIABIAEQAEgA0VXNlcnMvc21pdGhzL1dvcmsvUmVzZWFyY2gvUmVmZXJlbmNlcy9QYXJuYXMxOTcyLnBkZgATAAEvAAAVAAIADf//AACABtIbHB0eWiRjbGFzc25hbWVYJGNsYXNzZXNdTlNNdXRhYmxlRGF0YaMdHyBWTlNEYXRhWE5TT2JqZWN00hscIiNcTlNEaWN0aW9uYXJ5oiIgXxAPTlNLZXllZEFyY2hpdmVy0SYnVHJvb3SAAQAIABEAGgAjAC0AMgA3AEAARgBNAFUAYABnAGoAbABuAHEAcwB1AHcAhACOAMEAxgDOAngCegJ/AooCkwKhAqUCrAK1AroCxwLKAtwC3wLkAAAAAAAAAgEAAAAAAAAAKAAAAAAAAAAAAAAAAAAAAuY=}}

@article{SmithEtAl2007,
	Author = {W. Spencer Smith and Lei Lai and Ridha Khedri},
	Date-Added = {2017-09-05 03:00:52 +0000},
	Date-Modified = {2017-09-05 03:00:52 +0000},
	Journal = {Reliable Computing, Special Issue on Reliable Engineering Computation},
	Local-Url = {/Users/smiths/Work/Research/Papers/ReliableComputing/SmithLaiAndKhedri2007fulltext.pdf},
	Month = {February},
	Number = {1},
	Pages = {83--107},
	Title = {Requirements Analysis for Engineering Computation: A Systematic Approach for Improving Software Reliability},
	Volume = {13},
	Year = {2007},
	Bdsk-File-1 = {YnBsaXN0MDDUAQIDBAUGJCVYJHZlcnNpb25YJG9iamVjdHNZJGFyY2hpdmVyVCR0b3ASAAGGoKgHCBMUFRYaIVUkbnVsbNMJCgsMDxJXTlMua2V5c1pOUy5vYmplY3RzViRjbGFzc6INDoACgAOiEBGABIAFgAdccmVsYXRpdmVQYXRoWWFsaWFzRGF0YV8QRS4uLy4uL3NlNHNjL1NjaUNvbXBBbmRTb2Z0RW5nUGFwZXJzL1NtaXRoTGFpQW5kS2hlZHJpMjAwN2Z1bGx0ZXh0LnBkZtIXCxgZV05TLmRhdGFPEQIUAAAAAAIUAAIAAAxNYWNpbnRvc2ggSEQAAAAAAAAAAAAAAAAAAADOl3ODSCsAAAkx/Q0fU21pdGhMYWlBbmRLaGVkcmkyMCM5MzFGRDYwLnBkZgAAAAAAAAAAAAAAAAAAAAAAAAAAAAAAAAAAAAAAAAAACTH9YNNvBNMAAAAAAAAAAAACAAMAAAkgAAAAAAAAAAAAAAAAAAAAF1NjaUNvbXBBbmRTb2Z0RW5nUGFwZXJzAAAQAAgAAM6Xq8MAAAARAAgAANNvPRMAAAABABQJMf0NCTHuxwASFacACPdmAAJkjgACAGJNYWNpbnRvc2ggSEQ6VXNlcnM6AHNtaXRoczoAUmVwb3M6AHNlNHNjOgBTY2lDb21wQW5kU29mdEVuZ1BhcGVyczoAU21pdGhMYWlBbmRLaGVkcmkyMCM5MzFGRDYwLnBkZgAOAEQAIQBTAG0AaQB0AGgATABhAGkAQQBuAGQASwBoAGUAZAByAGkAMgAwADAANwBmAHUAbABsAHQAZQB4AHQALgBwAGQAZgAPABoADABNAGEAYwBpAG4AdABvAHMAaAAgAEgARAASAFJVc2Vycy9zbWl0aHMvUmVwb3Mvc2U0c2MvU2NpQ29tcEFuZFNvZnRFbmdQYXBlcnMvU21pdGhMYWlBbmRLaGVkcmkyMDA3ZnVsbHRleHQucGRmABMAAS8AABUAAgAN//8AAIAG0hscHR5aJGNsYXNzbmFtZVgkY2xhc3Nlc11OU011dGFibGVEYXRhox0fIFZOU0RhdGFYTlNPYmplY3TSGxwiI1xOU0RpY3Rpb25hcnmiIiBfEA9OU0tleWVkQXJjaGl2ZXLRJidUcm9vdIABAAgAEQAaACMALQAyADcAQABGAE0AVQBgAGcAagBsAG4AcQBzAHUAdwCEAI4A1gDbAOMC+wL9AwIDDQMWAyQDKAMvAzgDPQNKA00DXwNiA2cAAAAAAAACAQAAAAAAAAAoAAAAAAAAAAAAAAAAAAADaQ==},
	Bdsk-File-2 = {YnBsaXN0MDDUAQIDBAUGJCVYJHZlcnNpb25YJG9iamVjdHNZJGFyY2hpdmVyVCR0b3ASAAGGoKgHCBMUFRYaIVUkbnVsbNMJCgsMDxJXTlMua2V5c1pOUy5vYmplY3RzViRjbGFzc6INDoACgAOiEBGABIAFgAdccmVsYXRpdmVQYXRoWWFsaWFzRGF0YV8QUS4uLy4uLy4uL1dvcmsvUmVzZWFyY2gvUGFwZXJzL1JlbGlhYmxlQ29tcHV0aW5nL1NtaXRoTGFpQW5kS2hlZHJpMjAwN2Z1bGx0ZXh0LnBkZtIXCxgZV05TLmRhdGFPEQIaAAAAAAIaAAIAAAxNYWNpbnRvc2ggSEQAAAAAAAAAAAAAAAAAAADOl3ODSCsAAAAXC24fU21pdGhMYWlBbmRLaGVkcmkyMDAjMTc4ODYzLnBkZgAAAAAAAAAAAAAAAAAAAAAAAAAAAAAAAAAAAAAAAAAAABeIY88i4TNQREYgQ0FSTwADAAUAAAkgAAAAAAAAAAAAAAAAAAAAEVJlbGlhYmxlQ29tcHV0aW5nAAAQAAgAAM6Xq8MAAAARAAgAAM8jJ4MAAAABABgAFwtuABcCCwAXAE0AFv3tAAj3ZgACZI4AAgBmTWFjaW50b3NoIEhEOlVzZXJzOgBzbWl0aHM6AFdvcms6AFJlc2VhcmNoOgBQYXBlcnM6AFJlbGlhYmxlQ29tcHV0aW5nOgBTbWl0aExhaUFuZEtoZWRyaTIwMCMxNzg4NjMucGRmAA4ARAAhAFMAbQBpAHQAaABMAGEAaQBBAG4AZABLAGgAZQBkAHIAaQAyADAAMAA3AGYAdQBsAGwAdABlAHgAdAAuAHAAZABmAA8AGgAMAE0AYQBjAGkAbgB0AG8AcwBoACAASABEABIAVVVzZXJzL3NtaXRocy9Xb3JrL1Jlc2VhcmNoL1BhcGVycy9SZWxpYWJsZUNvbXB1dGluZy9TbWl0aExhaUFuZEtoZWRyaTIwMDdmdWxsdGV4dC5wZGYAABMAAS8AABUAAgAN//8AAIAG0hscHR5aJGNsYXNzbmFtZVgkY2xhc3Nlc11OU011dGFibGVEYXRhox0fIFZOU0RhdGFYTlNPYmplY3TSGxwiI1xOU0RpY3Rpb25hcnmiIiBfEA9OU0tleWVkQXJjaGl2ZXLRJidUcm9vdIABAAgAEQAaACMALQAyADcAQABGAE0AVQBgAGcAagBsAG4AcQBzAHUAdwCEAI4A4gDnAO8DDQMPAxQDHwMoAzYDOgNBA0oDTwNcA18DcQN0A3kAAAAAAAACAQAAAAAAAAAoAAAAAAAAAAAAAAAAAAADew==}}

@incollection{Smith2016,
	Author = {W. Spencer Smith},
	Booktitle = {Software Engineering for Science},
	Chapter = {Section {I} -- Examples of the Application of Traditional Software Engineering Practices to Science},
	Date-Added = {2017-09-05 02:57:01 +0000},
	Date-Modified = {2017-09-05 03:02:48 +0000},
	Editor = {Jeffrey C. Carver and Neil Chue Hong and George Thiruvathukal},
	Pages = {33--63},
	Publisher = {Taylor \& Francis},
	Title = {A Rational Document Driven Design Process for Scientific Computing Software},
	Year = {2016},
	Bdsk-File-1 = {YnBsaXN0MDDUAQIDBAUGJCVYJHZlcnNpb25YJG9iamVjdHNZJGFyY2hpdmVyVCR0b3ASAAGGoKgHCBMUFRYaIVUkbnVsbNMJCgsMDxJXTlMua2V5c1pOUy5vYmplY3RzViRjbGFzc6INDoACgAOiEBGABIAFgAdccmVsYXRpdmVQYXRoWWFsaWFzRGF0YV8QQy4uLy4uL3NlNHNjL1dyaXRpbmcvU29mdEVuZ0ZvclNjaWVuY2VCb29rL1NvZnRFbmdGb3JTY2llbmNlQm9vay5wZGbSFwsYGVdOUy5kYXRhTxECBgAAAAACBgACAAAMTWFjaW50b3NoIEhEAAAAAAAAAAAAAAAAAAAAzpdzg0grAAAJMf1sGVNvZnRFbmdGb3JTY2llbmNlQm9vay5wZGYAAAAAAAAAAAAAAAAAAAAAAAAAAAAAAAAAAAAAAAAAAAAAAAAAAAkx/XnTbwTTAAAAAAAAAAAAAgAEAAAJIAAAAAAAAAAAAAAAAAAAABVTb2Z0RW5nRm9yU2NpZW5jZUJvb2sAABAACAAAzperwwAAABEACAAA0289EwAAAAEAGAkx/WwJMf1pCTHuxwASFacACPdmAAJkjgACAGNNYWNpbnRvc2ggSEQ6VXNlcnM6AHNtaXRoczoAUmVwb3M6AHNlNHNjOgBXcml0aW5nOgBTb2Z0RW5nRm9yU2NpZW5jZUJvb2s6AFNvZnRFbmdGb3JTY2llbmNlQm9vay5wZGYAAA4ANAAZAFMAbwBmAHQARQBuAGcARgBvAHIAUwBjAGkAZQBuAGMAZQBCAG8AbwBrAC4AcABkAGYADwAaAAwATQBhAGMAaQBuAHQAbwBzAGgAIABIAEQAEgBQVXNlcnMvc21pdGhzL1JlcG9zL3NlNHNjL1dyaXRpbmcvU29mdEVuZ0ZvclNjaWVuY2VCb29rL1NvZnRFbmdGb3JTY2llbmNlQm9vay5wZGYAEwABLwAAFQACAA3//wAAgAbSGxwdHlokY2xhc3NuYW1lWCRjbGFzc2VzXU5TTXV0YWJsZURhdGGjHR8gVk5TRGF0YVhOU09iamVjdNIbHCIjXE5TRGljdGlvbmFyeaIiIF8QD05TS2V5ZWRBcmNoaXZlctEmJ1Ryb290gAEACAARABoAIwAtADIANwBAAEYATQBVAGAAZwBqAGwAbgBxAHMAdQB3AIQAjgDUANkA4QLrAu0C8gL9AwYDFAMYAx8DKAMtAzoDPQNPA1IDVwAAAAAAAAIBAAAAAAAAACgAAAAAAAAAAAAAAAAAAANZ},
	Bdsk-File-2 = {YnBsaXN0MDDUAQIDBAUGJCVYJHZlcnNpb25YJG9iamVjdHNZJGFyY2hpdmVyVCR0b3ASAAGGoKgHCBMUFRYaIVUkbnVsbNMJCgsMDxJXTlMua2V5c1pOUy5vYmplY3RzViRjbGFzc6INDoACgAOiEBGABIAFgAdccmVsYXRpdmVQYXRoWWFsaWFzRGF0YV8QIS4uLy4uLy4uLy4uL0Rvd25sb2Fkcy9zY2llbmNlLmJpYtIXCxgZV05TLmRhdGFPEQFyAAAAAAFyAAIAAAxNYWNpbnRvc2ggSEQAAAAAAAAAAAAAAAAAAADOl3ODSCsAAAAI92kLc2NpZW5jZS5iaWIAAAAAAAAAAAAAAAAAAAAAAAAAAAAAAAAAAAAAAAAAAAAAAAAAAAAAAAAAAAAAAAAAAAAACM7OOtM6l9YAAAAAAAAAAAAEAAIAAAkgAAAAAAAAAAAAAAAAAAAACURvd25sb2FkcwAAEAAIAADOl6vDAAAAEQAIAADTOtAWAAAAAQAMAAj3aQAI92YAAmSOAAIAMk1hY2ludG9zaCBIRDpVc2VyczoAc21pdGhzOgBEb3dubG9hZHM6AHNjaWVuY2UuYmliAA4AGAALAHMAYwBpAGUAbgBjAGUALgBiAGkAYgAPABoADABNAGEAYwBpAG4AdABvAHMAaAAgAEgARAASACJVc2Vycy9zbWl0aHMvRG93bmxvYWRzL3NjaWVuY2UuYmliABMAAS8AABUAAgAN//8AAIAG0hscHR5aJGNsYXNzbmFtZVgkY2xhc3Nlc11OU011dGFibGVEYXRhox0fIFZOU0RhdGFYTlNPYmplY3TSGxwiI1xOU0RpY3Rpb25hcnmiIiBfEA9OU0tleWVkQXJjaGl2ZXLRJidUcm9vdIABAAgAEQAaACMALQAyADcAQABGAE0AVQBgAGcAagBsAG4AcQBzAHUAdwCEAI4AsgC3AL8CNQI3AjwCRwJQAl4CYgJpAnICdwKEAocCmQKcAqEAAAAAAAACAQAAAAAAAAAoAAAAAAAAAAAAAAAAAAACow==}}

@techreport{KreymanAndParnas2002,
	Author = {K. Kreyman and D. L. Parnas},
	Date-Added = {2017-09-05 02:36:31 +0000},
	Date-Modified = {2017-09-05 02:36:31 +0000},
	Institution = {Software Quality Research Laboratory, McMaster University},
	Local-Url = {/Users/smiths/LongTermArchives/Work/Research/References/SciCompAndSoftEng/KreymanAndParnas2002.pdf},
	Month = {January},
	Number = {1},
	Title = {On Documenting the Requirements for Computer Programs Based on Models of Physical Phenomena},
	Type = {SQRL Report},
	Year = {2002},
	Bdsk-File-1 = {YnBsaXN0MDDUAQIDBAUGJCVYJHZlcnNpb25YJG9iamVjdHNZJGFyY2hpdmVyVCR0b3ASAAGGoKgHCBMUFRYaIVUkbnVsbNMJCgsMDxJXTlMua2V5c1pOUy5vYmplY3RzViRjbGFzc6INDoACgAOiEBGABIAFgAdccmVsYXRpdmVQYXRoWWFsaWFzRGF0YV8QPC4uLy4uL3NlNHNjL1NjaUNvbXBBbmRTb2Z0RW5nUGFwZXJzL0tyZXltYW5BbmRQYXJuYXMyMDAyLnBkZtIXCxgZV05TLmRhdGFPEQH0AAAAAAH0AAIAAAxNYWNpbnRvc2ggSEQAAAAAAAAAAAAAAAAAAADOl3ODSCsAAAkx/Q0YS3JleW1hbkFuZFBhcm5hczIwMDIucGRmAAAAAAAAAAAAAAAAAAAAAAAAAAAAAAAAAAAAAAAAAAAAAAAAAAAADhWeas8i5FsAAAAAAAAAAAACAAMAAAkgAAAAAAAAAAAAAAAAAAAAF1NjaUNvbXBBbmRTb2Z0RW5nUGFwZXJzAAAQAAgAAM6Xq8MAAAARAAgAAM8jKqsAAAABABQJMf0NCTHuxwASFacACPdmAAJkjgACAFtNYWNpbnRvc2ggSEQ6VXNlcnM6AHNtaXRoczoAUmVwb3M6AHNlNHNjOgBTY2lDb21wQW5kU29mdEVuZ1BhcGVyczoAS3JleW1hbkFuZFBhcm5hczIwMDIucGRmAAAOADIAGABLAHIAZQB5AG0AYQBuAEEAbgBkAFAAYQByAG4AYQBzADIAMAAwADIALgBwAGQAZgAPABoADABNAGEAYwBpAG4AdABvAHMAaAAgAEgARAASAElVc2Vycy9zbWl0aHMvUmVwb3Mvc2U0c2MvU2NpQ29tcEFuZFNvZnRFbmdQYXBlcnMvS3JleW1hbkFuZFBhcm5hczIwMDIucGRmAAATAAEvAAAVAAIADf//AACABtIbHB0eWiRjbGFzc25hbWVYJGNsYXNzZXNdTlNNdXRhYmxlRGF0YaMdHyBWTlNEYXRhWE5TT2JqZWN00hscIiNcTlNEaWN0aW9uYXJ5oiIgXxAPTlNLZXllZEFyY2hpdmVy0SYnVHJvb3SAAQAIABEAGgAjAC0AMgA3AEAARgBNAFUAYABnAGoAbABuAHEAcwB1AHcAhACOAM0A0gDaAtIC1ALZAuQC7QL7Av8DBgMPAxQDIQMkAzYDOQM+AAAAAAAAAgEAAAAAAAAAKAAAAAAAAAAAAAAAAAAAA0A=}}

@article{Wilson2006,
	Author = {Gregory V.~Wilson},
	Date-Added = {2017-09-05 02:26:32 +0000},
	Date-Modified = {2017-09-05 02:26:32 +0000},
	Journal = {American Scientist},
	Number = {1},
	Title = {Where's the Real Bottleneck in Scientific Computing? {S}cientists would do well to pick some tools widely used in the software industry},
	Url = {http://www.americanscientist.org/issues/pub/wheres-the-real-bottleneck-in-scientific-computing},
	Volume = {94},
	Year = {2006},
	Bdsk-File-1 = {YnBsaXN0MDDUAQIDBAUGJCVYJHZlcnNpb25YJG9iamVjdHNZJGFyY2hpdmVyVCR0b3ASAAGGoKgHCBMUFRYaIVUkbnVsbNMJCgsMDxJXTlMua2V5c1pOUy5vYmplY3RzViRjbGFzc6INDoACgAOiEBGABIAFgAdccmVsYXRpdmVQYXRoWWFsaWFzRGF0YV8QMC4uLy4uLy4uL1dvcmsvUmVzZWFyY2gvUmVmZXJlbmNlcy9XaWxzb24yMDA2LnBkZtIXCxgZV05TLmRhdGFPEQGmAAAAAAGmAAIAAAxNYWNpbnRvc2ggSEQAAAAAAAAAAAAAAAAAAADOl3ODSCsAAAAXAgwOV2lsc29uMjAwNi5wZGYAAAAAAAAAAAAAAAAAAAAAAAAAAAAAAAAAAAAAAAAAAAAAAAAAAAAAAAAAAAAAAAAAAq3KGtAsjEAAAAAAAAAAAAADAAQAAAkgAAAAAAAAAAAAAAAAAAAAClJlZmVyZW5jZXMAEAAIAADOl6vDAAAAEQAIAADQLMSAAAAAAQAUABcCDAAXAE0AFv3tAAj3ZgACZI4AAgBGTWFjaW50b3NoIEhEOlVzZXJzOgBzbWl0aHM6AFdvcms6AFJlc2VhcmNoOgBSZWZlcmVuY2VzOgBXaWxzb24yMDA2LnBkZgAOAB4ADgBXAGkAbABzAG8AbgAyADAAMAA2AC4AcABkAGYADwAaAAwATQBhAGMAaQBuAHQAbwBzAGgAIABIAEQAEgA0VXNlcnMvc21pdGhzL1dvcmsvUmVzZWFyY2gvUmVmZXJlbmNlcy9XaWxzb24yMDA2LnBkZgATAAEvAAAVAAIADf//AACABtIbHB0eWiRjbGFzc25hbWVYJGNsYXNzZXNdTlNNdXRhYmxlRGF0YaMdHyBWTlNEYXRhWE5TT2JqZWN00hscIiNcTlNEaWN0aW9uYXJ5oiIgXxAPTlNLZXllZEFyY2hpdmVy0SYnVHJvb3SAAQAIABEAGgAjAC0AMgA3AEAARgBNAFUAYABnAGoAbABuAHEAcwB1AHcAhACOAMEAxgDOAngCegJ/AooCkwKhAqUCrAK1AroCxwLKAtwC3wLkAAAAAAAAAgEAAAAAAAAAKAAAAAAAAAAAAAAAAAAAAuY=},
	Bdsk-Url-1 = {http://www.americanscientist.org/issues/pub/wheres-the-real-bottleneck-in-scientific-computing}}

@article{Dubois2002,
	Author = {Paul F. Dubois},
	Date-Added = {2017-09-05 02:25:03 +0000},
	Date-Modified = {2017-09-05 02:25:03 +0000},
	Journal = {Computing in Science and Engineering},
	Local-Url = {file://localhost/Users/smiths/LongTermArchives/Work/Research/References/SciCompAndSoftEng/Dubois2002.pdf},
	Month = {September},
	Number = {5},
	Pages = {84--90},
	Title = {Designing Scientific Components},
	Volume = {4},
	Year = {2002},
	Bdsk-File-1 = {YnBsaXN0MDDUAQIDBAUGJCVYJHZlcnNpb25YJG9iamVjdHNZJGFyY2hpdmVyVCR0b3ASAAGGoKgHCBMUFRYaIVUkbnVsbNMJCgsMDxJXTlMua2V5c1pOUy5vYmplY3RzViRjbGFzc6INDoACgAOiEBGABIAFgAdccmVsYXRpdmVQYXRoWWFsaWFzRGF0YV8Qby4uLy4uL09MRF9TVk4vbW1zY09MRF9TVk4vRG9tYWluWC9aaGVuZyBaZW5nL1dyaXRpbmdzL1JlZmVyZW5jZXMvUGFwZXJzT25Tb2Z0RW5nQXBwbGllZFRvU2NpQ29tcC9EdWJvaXMyMDAyLnBkZtIXCxgZV05TLmRhdGFPEQJmAAAAAAJmAAIAAAxNYWNpbnRvc2ggSEQAAAAAAAAAAAAAAAAAAADOl3ODSCsAAAKRxNMORHVib2lzMjAwMi5wZGYAAAAAAAAAAAAAAAAAAAAAAAAAAAAAAAAAAAAAAAAAAAAAAAAAAAAAAAAAAAAAAAAAApHFC9AhLEAAAAAAAAAAAAACAAgAAAkgAAAAAAAAAAAAAAAAAAAAH1BhcGVyc09uU29mdEVuZ0FwcGxpZWRUb1NjaUNvbXAAABAACAAAzperwwAAABEACAAA0CFkgAAAAAEAKAKRxNMCkcSoApHEpgKRxHcCkcR1ApHETAkx/qcAEhWnAAj3ZgACZI4AAgCTTWFjaW50b3NoIEhEOlVzZXJzOgBzbWl0aHM6AFJlcG9zOgBPTERfU1ZOOgBtbXNjT0xEX1NWTjoARG9tYWluWDoAWmhlbmcgWmVuZzoAV3JpdGluZ3M6AFJlZmVyZW5jZXM6AFBhcGVyc09uU29mdEVuZ0FwcGxpZWRUb1NjaUNvbXA6AER1Ym9pczIwMDIucGRmAAAOAB4ADgBEAHUAYgBvAGkAcwAyADAAMAAyAC4AcABkAGYADwAaAAwATQBhAGMAaQBuAHQAbwBzAGgAIABIAEQAEgB8VXNlcnMvc21pdGhzL1JlcG9zL09MRF9TVk4vbW1zY09MRF9TVk4vRG9tYWluWC9aaGVuZyBaZW5nL1dyaXRpbmdzL1JlZmVyZW5jZXMvUGFwZXJzT25Tb2Z0RW5nQXBwbGllZFRvU2NpQ29tcC9EdWJvaXMyMDAyLnBkZgATAAEvAAAVAAIADf//AACABtIbHB0eWiRjbGFzc25hbWVYJGNsYXNzZXNdTlNNdXRhYmxlRGF0YaMdHyBWTlNEYXRhWE5TT2JqZWN00hscIiNcTlNEaWN0aW9uYXJ5oiIgXxAPTlNLZXllZEFyY2hpdmVy0SYnVHJvb3SAAQAIABEAGgAjAC0AMgA3AEAARgBNAFUAYABnAGoAbABuAHEAcwB1AHcAhACOAQABBQENA3cDeQN+A4kDkgOgA6QDqwO0A7kDxgPJA9sD3gPjAAAAAAAAAgEAAAAAAAAAKAAAAAAAAAAAAAAAAAAAA+U=}}

@article{Segal2005,
	Author = {Segal, Judith},
	Citeulike-Article-Id = {342252},
	Date-Added = {2017-09-05 02:24:54 +0000},
	Date-Modified = {2017-09-05 02:24:54 +0000},
	Doi = {10.1007/s10664-005-3865-y},
	Issn = {1382-3256},
	Journal = {Empirical Software Engineering},
	Keywords = {components, enginner, experiment, research, science},
	Local-Url = {file://localhost/Users/smiths/LongTermArchives/Work/Research/References/SciCompAndSoftEng/Segal2005.pdf},
	Month = {October},
	Number = {4},
	Pages = {517--536},
	Posted-At = {2006-08-11 01:21:33},
	Priority = {4},
	Publisher = {Kluwer Academic Publishers},
	Title = {When Software Engineers Met Research Scientists: A Case Study},
	Url = {http://dx.doi.org/10.1007/s10664-005-3865-y},
	Volume = {10},
	Year = {2005},
	Bdsk-File-1 = {YnBsaXN0MDDUAQIDBAUGJCVYJHZlcnNpb25YJG9iamVjdHNZJGFyY2hpdmVyVCR0b3ASAAGGoKgHCBMUFRYaIVUkbnVsbNMJCgsMDxJXTlMua2V5c1pOUy5vYmplY3RzViRjbGFzc6INDoACgAOiEBGABIAFgAdccmVsYXRpdmVQYXRoWWFsaWFzRGF0YV8Qbi4uLy4uL09MRF9TVk4vbW1zY09MRF9TVk4vRG9tYWluWC9aaGVuZyBaZW5nL1dyaXRpbmdzL1JlZmVyZW5jZXMvUGFwZXJzT25Tb2Z0RW5nQXBwbGllZFRvU2NpQ29tcC9TZWdhbDIwMDUucGRm0hcLGBlXTlMuZGF0YU8RAmIAAAAAAmIAAgAADE1hY2ludG9zaCBIRAAAAAAAAAAAAAAAAAAAAM6Xc4NIKwAAApHE0w1TZWdhbDIwMDUucGRmAAAAAAAAAAAAAAAAAAAAAAAAAAAAAAAAAAAAAAAAAAAAAAAAAAAAAAAAAAAAAAAAAAACkcUV0CEsQAAAAAAAAAAAAAIACAAACSAAAAAAAAAAAAAAAAAAAAAfUGFwZXJzT25Tb2Z0RW5nQXBwbGllZFRvU2NpQ29tcAAAEAAIAADOl6vDAAAAEQAIAADQIWSAAAAAAQAoApHE0wKRxKgCkcSmApHEdwKRxHUCkcRMCTH+pwASFacACPdmAAJkjgACAJJNYWNpbnRvc2ggSEQ6VXNlcnM6AHNtaXRoczoAUmVwb3M6AE9MRF9TVk46AG1tc2NPTERfU1ZOOgBEb21haW5YOgBaaGVuZyBaZW5nOgBXcml0aW5nczoAUmVmZXJlbmNlczoAUGFwZXJzT25Tb2Z0RW5nQXBwbGllZFRvU2NpQ29tcDoAU2VnYWwyMDA1LnBkZgAOABwADQBTAGUAZwBhAGwAMgAwADAANQAuAHAAZABmAA8AGgAMAE0AYQBjAGkAbgB0AG8AcwBoACAASABEABIAe1VzZXJzL3NtaXRocy9SZXBvcy9PTERfU1ZOL21tc2NPTERfU1ZOL0RvbWFpblgvWmhlbmcgWmVuZy9Xcml0aW5ncy9SZWZlcmVuY2VzL1BhcGVyc09uU29mdEVuZ0FwcGxpZWRUb1NjaUNvbXAvU2VnYWwyMDA1LnBkZgAAEwABLwAAFQACAA3//wAAgAbSGxwdHlokY2xhc3NuYW1lWCRjbGFzc2VzXU5TTXV0YWJsZURhdGGjHR8gVk5TRGF0YVhOU09iamVjdNIbHCIjXE5TRGljdGlvbmFyeaIiIF8QD05TS2V5ZWRBcmNoaXZlctEmJ1Ryb290gAEACAARABoAIwAtADIANwBAAEYATQBVAGAAZwBqAGwAbgBxAHMAdQB3AIQAjgD/AQQBDANyA3QDeQOEA40DmwOfA6YDrwO0A8EDxAPWA9kD3gAAAAAAAAIBAAAAAAAAACgAAAAAAAAAAAAAAAAAAAPg},
	Bdsk-Url-1 = {http://dx.doi.org/10.1007/s10664-005-3865-y}}

@inproceedings{Segal2008,
	Address = {Leipzig, Germany},
	Author = {Judith Segal},
	Booktitle = {Proceedings of the First International Workshop on Software Engineering for Computational Science and Engineering (SECSE 2008)},
	Date-Added = {2017-09-05 02:24:42 +0000},
	Date-Modified = {2017-09-05 02:24:42 +0000},
	Organization = {In conjunction with the 30th International Conference on Software Engineering (ICSE)},
	Pages = {1--6},
	Title = {Models of Scientific Software Development},
	Url = {http://www.cse.msstate.edu/~SECSE08/schedule.htm},
	Year = {2008},
	Bdsk-File-1 = {YnBsaXN0MDDUAQIDBAUGJCVYJHZlcnNpb25YJG9iamVjdHNZJGFyY2hpdmVyVCR0b3ASAAGGoKgHCBMUFRYaIVUkbnVsbNMJCgsMDxJXTlMua2V5c1pOUy5vYmplY3RzViRjbGFzc6INDoACgAOiEBGABIAFgAdccmVsYXRpdmVQYXRoWWFsaWFzRGF0YV8QLy4uLy4uLy4uL1dvcmsvUmVzZWFyY2gvUmVmZXJlbmNlcy9TZWdhbDIwMDgucGRm0hcLGBlXTlMuZGF0YU8RAaQAAAAAAaQAAgAADE1hY2ludG9zaCBIRAAAAAAAAAAAAAAAAAAAAM6Xc4NIKwAAABcCDA1TZWdhbDIwMDgucGRmAAAAAAAAAAAAAAAAAAAAAAAAAAAAAAAAAAAAAAAAAAAAAAAAAAAAAAAAAAAAAAAAAAADuN1l0KzCSAAAAAAAAAAAAAMABAAACSAAAAAAAAAAAAAAAAAAAAAKUmVmZXJlbmNlcwAQAAgAAM6Xq8MAAAARAAgAANCtCJgAAAABABQAFwIMABcATQAW/e0ACPdmAAJkjgACAEVNYWNpbnRvc2ggSEQ6VXNlcnM6AHNtaXRoczoAV29yazoAUmVzZWFyY2g6AFJlZmVyZW5jZXM6AFNlZ2FsMjAwOC5wZGYAAA4AHAANAFMAZQBnAGEAbAAyADAAMAA4AC4AcABkAGYADwAaAAwATQBhAGMAaQBuAHQAbwBzAGgAIABIAEQAEgAzVXNlcnMvc21pdGhzL1dvcmsvUmVzZWFyY2gvUmVmZXJlbmNlcy9TZWdhbDIwMDgucGRmAAATAAEvAAAVAAIADf//AACABtIbHB0eWiRjbGFzc25hbWVYJGNsYXNzZXNdTlNNdXRhYmxlRGF0YaMdHyBWTlNEYXRhWE5TT2JqZWN00hscIiNcTlNEaWN0aW9uYXJ5oiIgXxAPTlNLZXllZEFyY2hpdmVy0SYnVHJvb3SAAQAIABEAGgAjAC0AMgA3AEAARgBNAFUAYABnAGoAbABuAHEAcwB1AHcAhACOAMAAxQDNAnUCdwJ8AocCkAKeAqICqQKyArcCxALHAtkC3ALhAAAAAAAAAgEAAAAAAAAAKAAAAAAAAAAAAAAAAAAAAuM=},
	Bdsk-Url-1 = {http://secse08.cs.ua.edu/schedule.htm}}

@inproceedings{Segal2007,
	Address = {Washington, DC, USA},
	Author = {Judith Segal},
	Booktitle = {VLHCC '07: Proceedings of the IEEE Symposium on Visual Languages and Human-Centric Computing},
	Date-Added = {2017-09-05 02:24:33 +0000},
	Date-Modified = {2017-09-05 02:24:33 +0000},
	Doi = {http://dx.doi.org/10.1109/VLHCC.2007.50},
	Isbn = {0-7695-2987-9},
	Local-Url = {file://localhost/Users/smiths/LongTermArchives/Work/Research/References/SciCompAndSoftEng/Segal2007.pdf},
	Pages = {111--118},
	Publisher = {IEEE Computer Society},
	Title = {Some Problems of Professional End User Developers},
	Year = {2007},
	Bdsk-File-1 = {YnBsaXN0MDDUAQIDBAUGJCVYJHZlcnNpb25YJG9iamVjdHNZJGFyY2hpdmVyVCR0b3ASAAGGoKgHCBMUFRYaIVUkbnVsbNMJCgsMDxJXTlMua2V5c1pOUy5vYmplY3RzViRjbGFzc6INDoACgAOiEBGABIAFgAdccmVsYXRpdmVQYXRoWWFsaWFzRGF0YV1TZWdhbDIwMDcucGRm0hcLGBlXTlMuZGF0YU8RAbgAAAAAAbgAAgAADE1hY2ludG9zaCBIRAAAAAAAAAAAAAAAAAAAAM6Xc4NIKwAADhWYaA1TZWdhbDIwMDcucGRmAAAAAAAAAAAAAAAAAAAAAAAAAAAAAAAAAAAAAAAAAAAAAAAAAAAAAAAAAAAAAAAAAAAOFZocz/+41AAAAAAAAAAAAAEAAgAACSAAAAAAAAAAAAAAAAAAAAARUmVmZXJlbmNlTWF0ZXJpYWwAABAACAAAzperwwAAABEACAAAz//xFAAAAAEAFA4VmGgNqcf1ABIVpwAI92YAAmSOAAIAS01hY2ludG9zaCBIRDpVc2VyczoAc21pdGhzOgBSZXBvczoAY2FzNzQxOgBSZWZlcmVuY2VNYXRlcmlhbDoAU2VnYWwyMDA3LnBkZgAADgAcAA0AUwBlAGcAYQBsADIAMAAwADcALgBwAGQAZgAPABoADABNAGEAYwBpAG4AdABvAHMAaAAgAEgARAASADlVc2Vycy9zbWl0aHMvUmVwb3MvY2FzNzQxL1JlZmVyZW5jZU1hdGVyaWFsL1NlZ2FsMjAwNy5wZGYAABMAAS8AABUAAgAN//8AAIAG0hscHR5aJGNsYXNzbmFtZVgkY2xhc3Nlc11OU011dGFibGVEYXRhox0fIFZOU0RhdGFYTlNPYmplY3TSGxwiI1xOU0RpY3Rpb25hcnmiIiBfEA9OU0tleWVkQXJjaGl2ZXLRJidUcm9vdIABAAgAEQAaACMALQAyADcAQABGAE0AVQBgAGcAagBsAG4AcQBzAHUAdwCEAI4AnAChAKkCZQJnAmwCdwKAAo4CkgKZAqICpwK0ArcCyQLMAtEAAAAAAAACAQAAAAAAAAAoAAAAAAAAAAAAAAAAAAAC0w==},
	Bdsk-Url-1 = {http://dx.doi.org/10.1109/VLHCC.2007.50}}

@inproceedings{Segal2007_Dagsthul,
	Author = {Judith Segal},
	Booktitle = {Dagstuhl Seminar Proceedings 07081, End-User Software Engineering},
	Date-Added = {2017-09-05 02:24:30 +0000},
	Date-Modified = {2017-09-05 02:24:30 +0000},
	Local-Url = {/Users/smiths/LongTermArchives/Work/Research/References/SciCompAndSoftEng/Segal2007_Dagstuhl.pdf},
	Title = {End-User Software Engineering and Professional End-User Developers},
	Url = {http://drops.dagstuhl.de/opus/volltexte/2007/1095},
	Year = {2007},
	Bdsk-File-1 = {YnBsaXN0MDDUAQIDBAUGJCVYJHZlcnNpb25YJG9iamVjdHNZJGFyY2hpdmVyVCR0b3ASAAGGoKgHCBMUFRYaIVUkbnVsbNMJCgsMDxJXTlMua2V5c1pOUy5vYmplY3RzViRjbGFzc6INDoACgAOiEBGABIAFgAdccmVsYXRpdmVQYXRoWWFsaWFzRGF0YV8QFlNlZ2FsMjAwN19EYWdzdHVobC5wZGbSFwsYGVdOUy5kYXRhTxEB2gAAAAAB2gACAAAMTWFjaW50b3NoIEhEAAAAAAAAAAAAAAAAAAAAzpdzg0grAAAOFZhoFlNlZ2FsMjAwN19EYWdzdHVobC5wZGYAAAAAAAAAAAAAAAAAAAAAAAAAAAAAAAAAAAAAAAAAAAAAAAAAAAAAAA4VmvHPKmHJAAAAAAAAAAAAAQACAAAJIAAAAAAAAAAAAAAAAAAAABFSZWZlcmVuY2VNYXRlcmlhbAAAEAAIAADOl6vDAAAAEQAIAADPKqgZAAAAAQAUDhWYaA2px/UAEhWnAAj3ZgACZI4AAgBUTWFjaW50b3NoIEhEOlVzZXJzOgBzbWl0aHM6AFJlcG9zOgBjYXM3NDE6AFJlZmVyZW5jZU1hdGVyaWFsOgBTZWdhbDIwMDdfRGFnc3R1aGwucGRmAA4ALgAWAFMAZQBnAGEAbAAyADAAMAA3AF8ARABhAGcAcwB0AHUAaABsAC4AcABkAGYADwAaAAwATQBhAGMAaQBuAHQAbwBzAGgAIABIAEQAEgBCVXNlcnMvc21pdGhzL1JlcG9zL2Nhczc0MS9SZWZlcmVuY2VNYXRlcmlhbC9TZWdhbDIwMDdfRGFnc3R1aGwucGRmABMAAS8AABUAAgAN//8AAIAG0hscHR5aJGNsYXNzbmFtZVgkY2xhc3Nlc11OU011dGFibGVEYXRhox0fIFZOU0RhdGFYTlNPYmplY3TSGxwiI1xOU0RpY3Rpb25hcnmiIiBfEA9OU0tleWVkQXJjaGl2ZXLRJidUcm9vdIABAAgAEQAaACMALQAyADcAQABGAE0AVQBgAGcAagBsAG4AcQBzAHUAdwCEAI4ApwCsALQCkgKUApkCpAKtArsCvwLGAs8C1ALhAuQC9gL5Av4AAAAAAAACAQAAAAAAAAAoAAAAAAAAAAAAAAAAAAADAA==},
	Bdsk-Url-1 = {http://drops.dagstuhl.de/opus/volltexte/2007/1095}}

@article{ParnasAndClements1986,
	Author = {David L. Parnas and P.C. Clements},
	Date-Added = {2017-09-05 02:24:22 +0000},
	Date-Modified = {2017-09-05 02:24:22 +0000},
	Journal = {IEEE Transactions on Software Engineering},
	Month = {February},
	Number = {2},
	Pages = {251--257},
	Title = {A Rational Design Process: How and Why to Fake it},
	Volume = {12},
	Year = {1986},
	Bdsk-File-1 = {YnBsaXN0MDDUAQIDBAUGJCVYJHZlcnNpb25YJG9iamVjdHNZJGFyY2hpdmVyVCR0b3ASAAGGoKgHCBMUFRYaIVUkbnVsbNMJCgsMDxJXTlMua2V5c1pOUy5vYmplY3RzViRjbGFzc6INDoACgAOiEBGABIAFgAdccmVsYXRpdmVQYXRoWWFsaWFzRGF0YV8QOy4uLy4uLy4uL1dvcmsvUmVzZWFyY2gvUmVmZXJlbmNlcy9QYXJuYXNBbmRDbGVtZW50czE5ODYucGRm0hcLGBlXTlMuZGF0YU8RAdQAAAAAAdQAAgAADE1hY2ludG9zaCBIRAAAAAAAAAAAAAAAAAAAAM6Xc4NIKwAAABcCDBlQYXJuYXNBbmRDbGVtZW50czE5ODYucGRmAAAAAAAAAAAAAAAAAAAAAAAAAAAAAAAAAAAAAAAAAAAAAAAAAAAFQyvB0WUiUAAAAAAAAAAAAAMABAAACSAAAAAAAAAAAAAAAAAAAAAKUmVmZXJlbmNlcwAQAAgAAM6Xq8MAAAARAAgAANFlWpAAAAABABQAFwIMABcATQAW/e0ACPdmAAJkjgACAFFNYWNpbnRvc2ggSEQ6VXNlcnM6AHNtaXRoczoAV29yazoAUmVzZWFyY2g6AFJlZmVyZW5jZXM6AFBhcm5hc0FuZENsZW1lbnRzMTk4Ni5wZGYAAA4ANAAZAFAAYQByAG4AYQBzAEEAbgBkAEMAbABlAG0AZQBuAHQAcwAxADkAOAA2AC4AcABkAGYADwAaAAwATQBhAGMAaQBuAHQAbwBzAGgAIABIAEQAEgA/VXNlcnMvc21pdGhzL1dvcmsvUmVzZWFyY2gvUmVmZXJlbmNlcy9QYXJuYXNBbmRDbGVtZW50czE5ODYucGRmAAATAAEvAAAVAAIADf//AACABtIbHB0eWiRjbGFzc25hbWVYJGNsYXNzZXNdTlNNdXRhYmxlRGF0YaMdHyBWTlNEYXRhWE5TT2JqZWN00hscIiNcTlNEaWN0aW9uYXJ5oiIgXxAPTlNLZXllZEFyY2hpdmVy0SYnVHJvb3SAAQAIABEAGgAjAC0AMgA3AEAARgBNAFUAYABnAGoAbABuAHEAcwB1AHcAhACOAMwA0QDZArECswK4AsMCzALaAt4C5QLuAvMDAAMDAxUDGAMdAAAAAAAAAgEAAAAAAAAAKAAAAAAAAAAAAAAAAAAAAx8=}}

@book{GhezziEtAl2003,
	Address = {Upper Saddle River, NJ, USA},
	Author = {Carlo Ghezzi and Mehdi Jazayeri and Dino Mandrioli},
	Date-Added = {2017-09-05 02:24:05 +0000},
	Date-Modified = {2017-09-05 02:24:05 +0000},
	Edition = {2nd},
	Keywords = {software engineering},
	Publisher = {Prentice Hall},
	Title = {Fundamentals of Software Engineering},
	Year = {2003}}

@article{JanickiAndKhedri2001,
	Author = {R. Janicki and R. Khedri},
	Date-Added = {2017-09-05 02:24:00 +0000},
	Date-Modified = {2017-09-05 02:24:00 +0000},
	Journal = {Science of Computer Programming},
	Number = {2-3},
	Pages = {189-213},
	Title = {On a formal semantics of tabular expression},
	Volume = {39},
	Year = {2001}}

@article{DesharnaisEtAl2004,
	Author = {Jules Desharnais and Ridha Khedri and Ali Mili},
	Date-Added = {2017-09-05 02:23:52 +0000},
	Date-Modified = {2017-09-05 02:23:52 +0000},
	Journal = {Formal Methods in System Design},
	Note = {To appear},
	Pages = {40},
	Title = {Representation, Validation and Integration of Scenarios Using Tabular Expressions},
	Year = {2004}}

@inbook{RobertsonAndRobertson1999Vol,
	Address = {New York, NY, USA},
	Author = {Suzanne Robertson and James Robertson},
	Chapter = {Volere Requirements Specification Template},
	Date-Added = {2017-09-05 02:23:44 +0000},
	Date-Modified = {2017-09-05 02:23:44 +0000},
	Pages = {353--391},
	Publisher = {ACM Press/Addison-Wesley Publishing Co},
	Title = {Mastering the Requirements Process},
	Year = {1999}}

@book{IEEE2000_ThayerAndDorfman,
	Author = {{The Institute of Electrical and Electronics Engineers, Inc.}},
	Date-Added = {2017-09-05 02:23:00 +0000},
	Date-Modified = {2017-09-05 02:23:00 +0000},
	Edition = {2nd},
	Editor = {Richard H. Thayer and Merlin Dorfman},
	Publisher = {{IEEE} Computer Society Press},
	Title = {Software Requirements Engineering},
	Year = {2000}}

@book{IEEE2000,
	Date-Added = {2017-09-05 02:22:55 +0000},
	Date-Modified = {2017-09-05 02:22:55 +0000},
	Edition = {2nd},
	Editor = {R. H. Thayer and M. Dorfman},
	Publisher = {IEEE Computer Society, Washington, DC, USA},
	Title = {IEEE Recommended Practice for Software Requirements Specifications},
	Year = {2000}}

@article{IEEE1998,
	Author = {IEEE},
	Date-Added = {2017-09-05 02:22:45 +0000},
	Date-Modified = {2017-09-05 02:22:45 +0000},
	Doi = {10.1109/IEEESTD.1998.88286},
	Journal = {IEEE Std 830-1998},
	Keywords = {formal specification;IEEE Std 830-1998;IEEE recommended practice;IEEE/EIA Std 12207.1-1997;commercial software product selection;contracts;customers;guidelines;in-house software product selection;prototyping;software development;software requirements specification;standards compliance;suppliers;system requirements specifications;Software requirements and specifications;contract;customer;prototyping;software requirements specification;supplier;system requirements specifications},
	Month = {Oct},
	Pages = {1-40},
	Title = {Recommended Practice for Software Requirements Specifications},
	Year = {1998},
	Bdsk-File-1 = {YnBsaXN0MDDUAQIDBAUGJCVYJHZlcnNpb25YJG9iamVjdHNZJGFyY2hpdmVyVCR0b3ASAAGGoKgHCBMUFRYaIVUkbnVsbNMJCgsMDxJXTlMua2V5c1pOUy5vYmplY3RzViRjbGFzc6INDoACgAOiEBGABIAFgAdccmVsYXRpdmVQYXRoWWFsaWFzRGF0YV8QtS4uLy4uLy4uL0xpYnJhcnkvTWFpbC9WMi9JTUFQLXNtaXRoc0B1bml2bWFpbC5jaXMubWNtYXN0ZXIuY2EvU2VudCBNZXNzYWdlcyAoVW5pdmVyc2l0eSBNYWlsKS5tYm94L0M4QzlFMzMyLUZGQkYtNDYyQS1CRUFBLUZEQTEzODZEMDQxOS9EYXRhLzcvQXR0YWNobWVudHMvNzA2Mi84L0lFRUVTdGQ4MzAtMTk5OC5wZGbSFwsYGVdOUy5kYXRhTxECzAAAAAACzAACAAAMTWFjaW50b3NoIEhEAAAAAAAAAAAAAAAAAAAAzpdzg0grAAAAJeT0E0lFRUVTdGQ4MzAtMTk5OC5wZGYAAAAAAAAAAAAAAAAAAAAAAAAAAAAAAAAAAAAAAAAAAAAAAAAAAAAAAAAAAAAl5PbPJ383UERGIENBUk8AAwAMAAAJIAAAAAAAAAAAAAAAAAAAAAE4AAAQAAgAAM6Xq8MAAAARAAgAAM8nxYcAAAABADQAJeT0ACXk3wAlO9gAJTtBACUrBQAlKwQAJRfHACUWVwAJD8oACP1cAAj32AAI92YAAmSOAAIAxE1hY2ludG9zaCBIRDpVc2VyczoAc21pdGhzOgBMaWJyYXJ5OgBNYWlsOgBWMjoASU1BUC1zbWl0aHNAdW5pdm1haWwuIzI1MTY1Ny5jYToAU2VudCBNZXNzYWdlcyAoVW5pdiMyNTE3QzcubWJveDoAQzhDOUUzMzItRkZCRi00NjJBLUJFQUEtIzI1MkIwNDoARGF0YToANzoAQXR0YWNobWVudHM6ADcwNjI6ADg6AElFRUVTdGQ4MzAtMTk5OC5wZGYADgAoABMASQBFAEUARQBTAHQAZAA4ADMAMAAtADEAOQA5ADgALgBwAGQAZgAPABoADABNAGEAYwBpAG4AdABvAHMAaAAgAEgARAASALlVc2Vycy9zbWl0aHMvTGlicmFyeS9NYWlsL1YyL0lNQVAtc21pdGhzQHVuaXZtYWlsLmNpcy5tY21hc3Rlci5jYS9TZW50IE1lc3NhZ2VzIChVbml2ZXJzaXR5IE1haWwpLm1ib3gvQzhDOUUzMzItRkZCRi00NjJBLUJFQUEtRkRBMTM4NkQwNDE5L0RhdGEvNy9BdHRhY2htZW50cy83MDYyLzgvSUVFRVN0ZDgzMC0xOTk4LnBkZgAAEwABLwAAFQACAA3//wAAgAbSGxwdHlokY2xhc3NuYW1lWCRjbGFzc2VzXU5TTXV0YWJsZURhdGGjHR8gVk5TRGF0YVhOU09iamVjdNIbHCIjXE5TRGljdGlvbmFyeaIiIF8QD05TS2V5ZWRBcmNoaXZlctEmJ1Ryb290gAEACAARABoAIwAtADIANwBAAEYATQBVAGAAZwBqAGwAbgBxAHMAdQB3AIQAjgFGAUsBUwQjBCUEKgQ1BD4ETARQBFcEYARlBHIEdQSHBIoEjwAAAAAAAAIBAAAAAAAAACgAAAAAAAAAAAAAAAAAAASR},
	Bdsk-Url-1 = {http://dx.doi.org/10.1109/IEEESTD.1998.88286}}

@inproceedings{SmithAndLai2005,
	Address = {Paris, France},
	Author = {W. Spencer Smith and Lei Lai},
	Booktitle = {Proceedings of the First International Workshop on Situational Requirements Engineering Processes -- Methods, Techniques and Tools to Support Situation-Specific Requirements Engineering Processes, SREP'05},
	Date-Added = {2017-09-05 02:21:52 +0000},
	Date-Modified = {2017-09-05 02:21:52 +0000},
	Editor = {J. Ralyt\'{e} and P. \.{A}gerfalk and N. Kraiem},
	Local-Url = {file://localhost/Users/smiths/Work/Research/Papers/SREP05/SREP05_ReformatAndRevise/SmithAndLai_2005.pdf},
	Organization = {In conjunction with 13th IEEE International Requirements Engineering Conference},
	Pages = {107--121},
	Title = {A New Requirements Template for Scientific Computing},
	Year = {2005},
	Bdsk-File-1 = {YnBsaXN0MDDUAQIDBAUGJCVYJHZlcnNpb25YJG9iamVjdHNZJGFyY2hpdmVyVCR0b3ASAAGGoKgHCBMUFRYaIVUkbnVsbNMJCgsMDxJXTlMua2V5c1pOUy5vYmplY3RzViRjbGFzc6INDoACgAOiEBGABIAFgAdccmVsYXRpdmVQYXRoWWFsaWFzRGF0YV8QUi4uLy4uLy4uL1dvcmsvUmVzZWFyY2gvUGFwZXJzL1NSRVAwNS9TUkVQMDVfUmVmb3JtYXRBbmRSZXZpc2UvU21pdGhBbmRMYWlfMjAwNS5wZGbSFwsYGVdOUy5kYXRhTxECDgAAAAACDgACAAAMTWFjaW50b3NoIEhEAAAAAAAAAAAAAAAAAAAAzpdzg0grAAAAF0DvFFNtaXRoQW5kTGFpXzIwMDUucGRmAAAAAAAAAAAAAAAAAAAAAAAAAAAAAAAAAAAAAAAAAAAAAAAAAAAAAAAAAAAXntPPIuJUAAAAAAAAAAAAAwAGAAAJIAAAAAAAAAAAAAAAAAAAABhTUkVQMDVfUmVmb3JtYXRBbmRSZXZpc2UAEAAIAADOl6vDAAAAEQAIAADPIyikAAAAAQAcABdA7wAXC3oAFwILABcATQAW/e0ACPdmAAJkjgACAGpNYWNpbnRvc2ggSEQ6VXNlcnM6AHNtaXRoczoAV29yazoAUmVzZWFyY2g6AFBhcGVyczoAU1JFUDA1OgBTUkVQMDVfUmVmb3JtYXRBbmRSZXZpc2U6AFNtaXRoQW5kTGFpXzIwMDUucGRmAA4AKgAUAFMAbQBpAHQAaABBAG4AZABMAGEAaQBfADIAMAAwADUALgBwAGQAZgAPABoADABNAGEAYwBpAG4AdABvAHMAaAAgAEgARAASAFZVc2Vycy9zbWl0aHMvV29yay9SZXNlYXJjaC9QYXBlcnMvU1JFUDA1L1NSRVAwNV9SZWZvcm1hdEFuZFJldmlzZS9TbWl0aEFuZExhaV8yMDA1LnBkZgATAAEvAAAVAAIADf//AACABtIbHB0eWiRjbGFzc25hbWVYJGNsYXNzZXNdTlNNdXRhYmxlRGF0YaMdHyBWTlNEYXRhWE5TT2JqZWN00hscIiNcTlNEaWN0aW9uYXJ5oiIgXxAPTlNLZXllZEFyY2hpdmVy0SYnVHJvb3SAAQAIABEAGgAjAC0AMgA3AEAARgBNAFUAYABnAGoAbABuAHEAcwB1AHcAhACOAOMA6ADwAwIDBAMJAxQDHQMrAy8DNgM/A0QDUQNUA2YDaQNuAAAAAAAAAgEAAAAAAAAAKAAAAAAAAAAAAAAAAAAAA3A=}}

@inproceedings{SmithEtAl2004,
	Address = {Savannah, Georgia},
	Author = {W. Spencer Smith and Lei Lai and Ridha Khedri},
	Booktitle = {Proceedings of the NSF Workshop on Reliable Engineering Computing},
	Date-Added = {2017-09-05 02:21:40 +0000},
	Date-Modified = {2017-09-05 02:21:40 +0000},
	Editor = {R. Muhanna and R. Mullen},
	Pages = {29--51},
	Title = {Requirements Analysis for Engineering Computation},
	Year = {2004}}

@mastersthesis{Lai2004,
	Author = {Lei Lai},
	Date-Added = {2017-09-05 02:21:22 +0000},
	Date-Modified = {2017-09-05 02:21:22 +0000},
	School = {McMaster University, Hamilton, Ontario, Canada},
	Title = {Requirements Documentation for Engineering Mechanics Software: Guidelines, Template and a Case Study},
	Year = {2004}}
